@Article{escardo:exhaustible:2008,
    AUTHOR = {Escard{\'o}, M.H.},
     TITLE = {Exhaustible sets in higher-type computation},
   JOURNAL = {Log. Methods Comput. Sci.},
  FJOURNAL = {Logical Methods in Computer Science},
    VOLUME = {4},
      YEAR = {2008},
    NUMBER = {3},
     PAGES = {3:3, 37},
      ISSN = {1860-5974},
   MRCLASS = {03D65 (68Q55)},
  MRNUMBER = {MR2438391},
}
