@Unpublished{escardo:metric:1998,
  author = 	 {M.H. Escard\'o},
  title = 	 {A metric model of {PCF}},
  note =         {Laboratory for Foundations of Computer Science,
                  University of Edinburgh. 
                  Presented at the 
                  Workshop on Realizability Semantics and Applications, 
                  June 30-July 1, 1999 (associated to the Federated
                  Logic Conference, held in Trento, June 29-July 12, 1999)},
  month =	 {April},
  year =	 {1998},
}

@InProceedings{escardo:rnc3:1998,
  author = 	 {M.H. Escard\'o},
  title = 	 {Introduction to {R}eal {PCF}},
  booktitle = 	 {Third Real Numbers and Computers Conference (RNC3)},
  pages =	 {187--197},
  year =	 1998,
  editor =	 {J.-M. Chesneaux and F. J\'ez\'equel and J.-L. Lamotte and 
                  J. Vignes},
  address =	 {Paris, France},
  month =	 {April},
  organization = {Universit\'e Pierre et Marie Curie},
  note =	 {Notes for an invited speach}
}

@InProceedings{pavlovic:escardo:1998,
	author = "D. Pavlovic and M.H. Escard\'o",
	title = "Calculus in Coinductive Form",
	year = 1998,
        pages = {408--417},
        booktitle =   "Proceedings of the 13th Annual IEEE Symposium on
                      Logic in Computer Science",
  publisher =    {IEEE Computer Society},
}

@Article{erker:escardo:keimel:1998,
  author = 	 "T. Erker and M.H. Escard\'o and K. Keimel",
  title = 	 "The way-below relation of function spaces over
		    semantic domains",
  journal = 	 "Topology and Its Applications",
  number = "1--2",
  volume = 89,
  pages = {61--74},
  year = 1998,
}

@Article{escardo:effective:comprox:1998,
  author = 	 "M.H. Escard\'o",
  title = 	 "Effective and sequential definition by cases on the
		  reals via infinite signed-digit numerals",
  journal =	 "Electronic Notes in Theoretical Computer Science",
  year =	 1998,
  volume =	 13,
}

@TechReport{escardo:filter:report:1998,
  author = 	 "M.H. Escard\'o",
  title = 	 "Injective spaces and the filter monad",
  institution =  "Department of Computer Science, University of Edinburgh",
  year = 	 1998,
  number =	 "ECS-LFCS-98-383",
}

@Article{escardo:injective:1998,
  author = 	 "M.H. Escard\'o",
  title = 	 "Properly injective spaces and function spaces",
  journal = 	 "Topology and Its Applications",
  number = "1--2",
  pages = {75--120},
  volume = 89,
  year = 1998,
}
