@InProceedings{escardo:streicher:induction:1997,
	author = "M.H. Escard\'o and Th. Streicher",
	title = "Induction and recursion on the partial real line
                via biquotients of bifree algebras",
	year = 1997,
        booktitle =   "Proceedings of the 12th Annual IEEE Symposium on
                      Logic in Computer Science",
        pages = {376--386},
  publisher =    {IEEE Computer Society},
}

@TechReport{escardo:thesis:1997,
  author = 	 "M.H. Escard\'o",
  title = 	 "{PCF} extended with real numbers: A domain-theoretic
		  approach to higher-order exact real number computation",
  institution =  "Department of Computer Science, University of Edinburgh",
  year = 	 1997,
  number =	 "ECS-LFCS-97-374",
  month =	 "December",
  note =	 "PhD thesis at Imperial College of the University of
		    London, 1996",
}

@TechReport{pavlovic:escardo:1997,
  author = 	 {D. Pavlovic and M.H. Escard\'o},
  title = 	 {Calculus in Coinductive Form},
  institution =  {School of Cognitive and Computing Sciences, 
                  University of Sussex},
  year = 	 1997,
  number =	 {97:05},
}

@InProceedings{potts:edalat:escardo:1997,
	author = "P.J. Potts and A. Edalat and M.H. Escard\'o",
	title = "Semantics of exact real number arithmetic",
	year = 1997,
        booktitle = "Proceedings of the 12th Annual IEEE Symposium on
                      Logic In Computer Science",
  publisher =    {IEEE Computer Society},
        pages = {248--257},
}

@Article{escardo:filter:northbay:1997,
  author = 	 {M.H. Escard\'o},
  title = 	 {Injective spaces via the filter monad},
  pages =	 {97--110},
  year =	 1997,
  volume =	 22,
  number =       2,
  journal =	 {Topology Proceedings},
}
