@InProceedings{escardo:ho,
  author = 	 {M.H. Escard\'o and W.K. Ho},
  title = 	 {Operational domain theory and topology of a sequential programming language},
  booktitle = 	 {Proceedings of the 20th Annual IEEE Symposium on Logic in Computer Science},
  pages =	 {427--436},
  year =	 2005,
  publisher =	 {IEEE Computer Society}
}

@Article{escardo:ccg,
  author = 	 {M.H. Escard\'o},
  title = 	 {Compactly generated {H}ausdorff locales},
  journal = 	 {Annals of Pure and Applied Logic},
  year = 	 2005,
  volume =	 137,
  number =	 {1--3},
  pages =	 {147--163}
}

@Article{dejaeger:escardo:santini,
  author = 	 {F. DeJaeger and M.H. Escard\'o and G. Santini},
  title = 	 {On the computational content of the {L}awson topology},
  journal = 	 {Theoretical Computer Science},
  year = 	 {2005},
  OPTkey = 	 {},
  OPTvolume = 	 {},
  OPTnumber = 	 {},
  OPTpages = 	 {},
  OPTmonth = 	 {},
  note = 	 {To appear},
  OPTannote = 	 {}
}

@Proceedings{muller:escardo:zimmermann,
    editor = {N. M\"uller and M.H. Escard\'o and P. Zimmermann},
     TITLE = {Practical development of exact real number computation},
  note = {\emph{Journal of Logic and Algebraic Programming}, volume 64, issue 1},
      YEAR = {2005},
}
