@Article{escardo:realpcf:1996,
  author = 	 "M.H. Escard\'o",
  title = 	 "{PCF} extended with real numbers",
  journal = 	 TCS,
  year = 	 1996,
  volume =	 162,
  number =	 1,
  pages =	 "79--115",
}

@Inproceedings{escardo:universal:1996,
	author	= "M.H. Escard\'o",
	title	= "Real {PCF} extended with $\exists$ is universal",
        booktitle = {Advances in Theory and Formal Methods of
		     Computing: Proceedings of the 
                     Third Imperial College Workshop, April 1996},
	editor	= "A.~Edalat and S.~Jourdan and G.~McCusker",
        address = {Christ Church, Oxford},
	publisher="IC Press",
	year	= 1996,
        pages = {13--24},

}

@InProceedings{edalat:escardo:1996,
	author = "A. Edalat and M.H. Escard\'o",
	title = "Integration in {R}eal {PCF} (Extended abstract)",
	year = 1996,
        booktitle = "Proceedings of the 11th Annual IEEE Symposium on
                      Logic In Computer Science",
        pages = {382--393},
        publisheer = {IEEE Computer Society}
}

