@Proceedings{adamek:escardo:hofmann:2003,
  title = 	 {Category Theory and Computer Science},
  year = 	 2003,
  editor =	 {J. Ad\'amek and M.H. Escard\'o, M. Hofmann},
  note =	 {\emph{Theoretical Computer Science}, vol.~294, no.~1-3}
}

@Article{escardo:nuclei:2003,
  author = 	 {M.H. Escard\'o},
  title = 	 {Joins in the frame of nuclei},
  journal = 	 {Applied Categorical Structures},
  volume = 11,
  number = 2,
  pages = {117--124},
  year = 2003,
}


@Article{escardo:perfectlyinjective:2003,
  author = 	 {M.H. Escard\'o},
  title = 	 {Injective locales over perfect embeddings and algebras 
                  of the upper powerlocale monad},
  journal = 	 {Applied General Topology},
  volume = 4,
  number = 1,
  pages = {193--200},
  year = 2003,
}
