@Article{escardo:lawson:simpson:2004,
    AUTHOR = {Escard{\'o}, M.H. and Lawson, J. and Simpson, A.},
     TITLE = {Comparing {C}artesian closed categories of (core) compactly
              generated spaces},
  JOURNAL = {Topology and its Applications},
    VOLUME = 143,
      YEAR = 2004,
    NUMBER = {1-3},
}

@Article{escardo:synthetic:2004,
  author = 	 {M.H. Escard\'o},
  title = 	 {Synthetic topology of data types and classical spaces},
  journal = 	 {Electronic Notes in Theoretical Computer Science},
  year = 	 2004,
  volume =	 87,
  pages =	 {21--156}
}

@InProceedings{marcial-romero:escardo:2004,
  author = 	 {J.R. Marcial-Romero and M.H. Escard\'o},
  title = 	 {Semantics of a sequential language for exact real-number computation},
  booktitle = 	 {Proceedings of the 19th Annual IEEE Symposium on
                      Logic In Computer Science},
  pages =	 {426--435},
  year =	 2004,
  publisher = {IEEE Computer Society}
}

@Proceedings{escardo:jung:2004,
  title = 	 {Proceedings of the Workshop on Domains VI},
  year = 	 2004,
  editor =	 {M.H. Escard\'o and A. Jung},
  volume =	 73,
  series =	 {Electronic Notes in Theoretical Computer Science},
}

@Article{escardo:hofmann:streicher:2004,
  author = 	 {M.H. Escard\'o and M. Hofmann and T. Streicher},
  title = 	 {On the non-sequential nature of the interval-domain model of real-number computation},
  journal = 	 {Mathematical Structures in Computer Science},
  year = 	 2004,
  volume =	 14,
  number =	 6,
  pages =	 {803--814}
}

@Proceedings{birkedal:escardo:jung:rosolini:2004,
    editor = {Birkedal, L. and Escard{\'o}, M.H. and Jung, A. and
              Rosolini, G.},
     TITLE = {{R}ecent developments in domain theory: a collection
              of papers in honour of {D}ana {S}. {S}cott},
  note = {\emph{Theoretical Computer Science}, vol.~316 no.~1-3},
      YEAR = {2004},
}
