@InProceedings{escardo:simpson:2001,
  author = 	 {M.H. Escard\'o and A.K. Simpson},
  title = 	 {A universal characterization of the 
                  closed {E}uclidean interval },
  booktitle = 	 {Proceedings of the 16th Annual IEEE Symposium on 
                  Logic in Computer Science},
  pages =	 {115--128},
  publisher =    {IEEE Computer Society},
  year =	 2001,
}

@Article{escardo:stablylocally:2001,
  author = 	 {M.H. Escard\'o},
  title = 	 {The regular-locally-compact coreflection of 
                  stably locally compact locale},
  journal = 	 {Journal of Pure and Applied Algebra},
  year =	 2001,
  pages =        {41--55},
  volume =	 157,
  number =	 1,
}
