@Article{marcial-romero:escardo,
 author = {J. Raymundo Marcial-Romero and Mart\'{\i}n H. Escard\'{o}},
 title = {Semantics of a sequential language for exact real-number computation},
 journal = {Theor. Comput. Sci.},
 volume = {379},
 number = {1-2},
 year = {2007},
 issn = {0304-3975},
 pages = {120--141},
 doi = {http://dx.doi.org/10.1016/j.tcs.2007.01.021},
 publisher = {Elsevier},
 }


@inproceedings{escardo:lics:2007,
 author = {Martin Escardo},
 title = {Infinite sets that admit fast exhaustive search},
 booktitle = {LICS '07: Proceedings of the 22nd Annual IEEE Symposium on Logic in Computer Science},
 year = {2007},
 isbn = {0-7695-2908-9},
 pages = {443--452},
 doi = {http://dx.doi.org/10.1109/LICS.2007.25},
 publisher = {IEEE Computer Society},
 address = {Washington, DC, USA},
 }
