@Unpublished{dejaeger:escardo:santini:2000,
  author = 	 {F. DeJaeger and M.H. Escard\'o and G. Santini},
  title = 	 {On the computational content of the {L}awson topology},
  note = 	 {Presented at MFPS XVI, submitted to the TCS proceedings 
                  in July 2000},
}

@Article{edalat:escardo:2000,
  author = 	 {A. Edalat and M.H. Escard\'o},
  title = 	 {Integration in {R}eal {PCF}},
  journal = 	 {Information and Computation},
  year = 	 2000,
  pages = {128--166},
  volume = 160,
}
