@Techreport{escardo:claudio:1993,
	author	= "M.H. Escard\'o and D.M. Claudio",
	title	= "Scott domain theory as a foundation for interval analysis",
	institution="UFRGS/II",
	year	= 1993,
	number	= 218,
	address	= "Porto Alegre, Brazil",
}


