@Article{escardo:heckmann:2002,
  author = 	 {M.H. Escard\'o and R. Heckmann},
  title = 	 {Topologies on spaces of continuous functions},
  journal = 	 {Topology Proceedings},
  year = 	 {2002},
  volume =	 26,
  number =	 2,
  pages = {545--564},
}

@article{escardo:lawsonfunctionspace:2002,
  author = 	 {M.H. Escard\'o},
  title = 	 {Function-space compactifications of function spaces},
  volume = 	 120,
  number =       3, 
  pages =        {441--463},
  journal =      {Topology and its Applications},
  year =	 2002,
}

@Article{escardo:streicher:2002,
  author = 	 {M.H. Escard\'o and Th. Streicher},
  title = 	 {In domain realizability, not all functionals on 
                  {C}[-1,1] are continuous},
  journal = 	 {Mathematical Logic Quarterly},
  year = 	 2002,
  volume =	 48,
  number =	 1,
  pages =	 {41--44},
}

@incollection {MR2062482,
    AUTHOR = {Bauer, A. and Escard{\'o}, M.H. and
              Simpson, A.},
     TITLE = {Comparing functional paradigms for exact real-number
              computation},
 BOOKTITLE = {Automata, languages and programming},
    SERIES = {Lecture Notes in Comput. Sci.},
    VOLUME = {2380},
     PAGES = {489--500},
 PUBLISHER = {Springer},
      YEAR = {2002},
}
