@article{escardo:flagg:1999,
  author = 	 {M.H. Escard\'o and R.C. Flagg},
  title = 	 {Semantic domains, injective spaces and monads},
  year =	 1999,
  journal =	 {Electronic Notes in Theoretical Computer Science},
  volume =       20,
}

@article{escardo:stably:1999,
  author = 	 {M.H. Escard\'o},
  title = 	 {On the compact-regular coreflection of a stably 
                  compact locale.},
  year =	 1999,
  journal =	 {Electronic Notes in Theoretical Computer Science},
  volume = 20,
}

@Article{escardo:streicher:induction:1999,
  author = 	 "M.H. Escard\'o and Th. Streicher",
  title = 	 "Induction and recursion on the partial real line
		    with applications to {R}eal {PCF}",
  journal =	 "Theoretical Computer Science",
  year =	 1999,
  volume = 210,
  number = 1,
  pages = {121-157},
}
