@Article{dejaeger:escardo:santini,
  author = 	 {F. DeJaeger and M.H. Escard\'o and G. Santini},
  title = 	 {On the computational content of the {L}awson topology},
  journal = "Theoretical Computer Science",
  pages = {230-240},
  year = 2006,
  volume = 357 
}

@Article{escardo:ccg,
  author = 	 {M.H. Escard\'o},
  title = 	 {Compactly generated {H}ausdorff locales},
  journal = 	 {Annals of Pure and Applied Logic},
  year = 	 2006,
  volume =	 137,
  number =	 {1--3},
  pages =	 {147--163}
}

@Proceedings{escardo:jung:streicher,
editor = {M.H. Escard\'o and A. Jung and T. Streicher},
Title = {Special issue in honour of Klaus Keimel's 65th birthday},
year = 2006,
note = {\emph{Mathematical Structures in Computer Science}, volume 16, number 2}
}
