@Inproceedings{escardo:induction:1995,
	author	= "M.H. Escard\'o",
	title	= "Induction and recursion on the real line",
        booktitle = {Theory and Formal Methods 1994: Proceedings of the
           Second Imperial College Workshop on Theory and Formal Methods},
	editor	= "Hankin, C. and Mackie, I. and Nagarajan, R.",
        address = {{M{\o}ller} Centre, Cambridge},
	publisher="IC Press",
        pages = "259--282",
	year	= "1995"
}

