@Article{Avizienis,
  author = 	 "Avizienis, A.",
  title = 	 "Signed-digit number representations for fast
		  parallel arithmetic",
  journal =	 "IRE Transactions on Electronic Computers",
  year =	 1961,
  volume =	 10,
  pages =	 "389-400"
}

		  

@PhdThesis{Berger,
  author = 	 "Berger, U.",
  title = 	 "Totale Object und Mengen in Bereichstheorie",
  school = 	 "University of Munich",
  year = 	 1990
}

@InProceedings{Boehm,
  author = 	 "Boehm, Hans-Juergen",
  title = 	 "Constructive Real Interpretation of Numerical Programs",
  pages =	 "214-221",
  booktitle =	 "Proceedings of the SIGPLAN '87 Symposium on
		  Interpreters and Interpretive Techniques",
  year =	 1987,
  publisher =	 "ACM Press",
  month =	 "June"
}
		  
			  
  
		  
@InCollection{Boehm_Cartwright,
  author = 	 "Boehm, Hans and Cartwright, Robert",
  title = 	 "Exact Real Arithmetic, Formulating Real Numbers as Functions",
  booktitle =	 "Research Topics in Functional Programming",
  publisher =	 "Addison-Wesley",
  year =	 1990,
  editor =	 "David A. Turner",
  chapter =	 3,
  pages =	 "43-64"
}


@InProceedings{Boehm_et_al,
  author = 	 "Boehm, H. J. and Cartwright, R. and O'Donnel,
		  M. J. and Riggle, M.",
  title = 	 "Exact Real Arithmetic, a case study in higher order programming",
  pages =	 "162-173",
  booktitle =	 "Proceedings of the ACM conference on Lisp and
		  functional programming",
  year =	 1986,
  month =	 "August"
}		  
		  
		  
@Article{Brouwer,
  author = 	 "Brouwer, L. E. J.",
  title = 	 "Besitzt jede reelle {Z}ahl eine {D}ezimalbruchentwicklung",
  journal =	 "Math Ann",
  year =	 1920,
  volumne =	 83,
  pages =	 "210-210"
}

@Article{Edalat_Potts,
  author = 	 "Edalat, Abbas and Potts, Peter John",
  title = 	 "A New Representation for Exact Real Numbers",
  journal =	 "Electronic Notes in Theoretical Computer Science",
  year =	 1997,
  volume =	 6,
  note =	 "\url{http://www.elsevier.nl/locate/entcs/volume6.html}"
}

		  
		  
@Article{Escardo1,
  author = 	 "Escard{\'o}, Mart{\'\i}n",
  title = 	 "{PCF} extended with real numbers",
  journal =	 "Theoretical Computer Science",
  year =	 1996,
  volume =       162,
  pages =	 "79-115"
}

		  
@Unpublished{Escardo2,
  author = 	 "Escard{\'o}, Mart{\'\i}n",
  title = 	 "Effective and sequential definition by cases on the reals via infinite signed-digit numerals",
  note = 	 "Unpublished Note",
  year =	 1998,
  month =	 "April"
}

@Article{Gosper,
  author = 	 "Gosper, R. W.",
  title = 	 "Item 101B: Continued Fraction Arithmetic",
  journal =	 "HAKMEM, MIT Artificial Intelligence Memo 239",
  year =	 1972,
  pages =	 "39-44",
  month =	 "February"
}

		  

@Misc{Haskell,
  author =	 "Peterson and Hammond and Augustsson and Boutel and
		  Fasel and Gordon and Hughes and Hudak and Johnsson
		  and Jones and Meijer and Peyton-Jones and Reid and Wadler",
  title =	 "Report on the Programming Language {H}askell - A
		  Non-strict Purely Functional Language - Version 1.4",
  howpublished = "\url{http://haskell.org/}",
  year =	 1997,
  month =	 "April"
}

@InProceedings{Heckmann1,
  author = 	 "Heckmann, Reinhold",
  title = 	 "Contractivity of Linear Fractional Transformations",
  editor =	 "Chesneaux {\em et al}",
  pages =	 "45-59",
  booktitle =	 "Proceedings of the Third Real Numbers and Computers Conference",
  address =	 "Universit{\'e} Pierre et Marie Curie, Paris, France",
  month =	 "April",
  year =	 1998
}

		  


@InProceedings{Heckmann2,
  author = 	 "Heckmann, Reinhold",
  title = 	 "The Appearance of Big Integers in Exact Real Arithmetic based on Linear Fractional Transformations",
  booktitle =	 "Proc. Foundations of Software Science and Computation Structures",
  year =	 1998,
  address =	 "Lisbon"
}

@Article{Hughes1,
  author = 	 "Hughes, John",
  title = 	 "Why Functional Programming Matters",
  journal = 	 "Computer Journal",
  year = 	 1989,
  volume =	 32,
  number =	 1
}

		  
@Book{Knuth,
  author =       "Knuth, Donald E.",
  title =        "The Art of Computer Programming, Seminumerical algorithms",
  publisher =    "Addison-Wesley",
  year =         1981,
  volume =       2,
  edition =      "2nd"
}
		  
		  
@Book{Ko,
  author = 	 "Ker-I Ko",
  title = 	 "Complexity Theory of Real Functions",
  publisher = 	 "Birkhauser",
  year = 	 1991,
  address =	 "Boston"
}

@Article{Kornerup_Matula,
  author = 	 "Kornerup, Peter and Matula, David",
  title = 	 "An Algorithm for Redundant Binary Bit-Pipelined
		  Rational Arithmetic",
  journal =	 "IEEE Transactions on Computers",
  year =	 1990,
  volume =	 39,
  number =	 8,
  pages =	 "1106-1115",
  month =	 "August"
}
		  
		  
		  

@Article{Nielsen_Kornerup,
  author = 	 "Nielsen, Asger Munk and Kornerup, Peter",
  title = 	 "{MSB}-First Digit Serial Arithmetic",
  journal =	 "Journal of Universal Computer Science",
  year =	 1995,
  volume =	 1,
  number =	 7,
  pages =	 "527-547"
}

		  
		  


@phdThesis{PDG93a,
   author = "di Gianantonio, Pietro",
   title =  "A functional approach to computability on  real numbers",
   school = "University of Pisa",
   year =   1993,
   note = "Technical Report TD 6/93",
}

		  
@Unpublished{Pi,
  author = 	 "Bailey, David H.  and Borwein, Jonathon M.  and
		  Borwein, Peter B. and Plouffe, Simon",
  title = 	 "The Quest for Pi",
  note = 	 "\url{http://www.cecm.sfu.ca/~pborwein/PAPERS/P130.ps}",
  year =	 1996,
  month =	 "June"
}
@TechReport{Pietro,
  author = 	 "di Gianantonio, Pietro",
  title = 	 "A Golden Ratio Notation for the Real Numbers",
  institution =  "CWI",
  year = 	 1997
}



@Unpublished{Potts_Edalat,
  author = 	 "Potts, Peter John and Edalat, Abbas",
  title = 	 "Exact Real Computer Arithmetic",
  note = 	 "Imperial College",
  year =	 1997,
  month =	 "March"
}
		  
		  
		  
% Early draft PhD thesis
@Unpublished{pjp3,
  author = 	 "Potts, Peter John",
  title = 	 "Computable Real Arithmetic Using Linear Fractional Transformations",
  note = 	 "Imperial College, London"
}
		  
		  


@InProceedings{Potts_Edalat_Escardo,
  author = 	 "Potts, P. J. and Edalat, A. and Escard{\'o}, M. H.",
  title = 	 "Semantics of Exact Computer Arithmetic",
  pages =	 "248-257",
  booktitle =	 "Twelfth Annual IEEE Symposium on Logic in Computer Science",
  year =	 1997,
  publisher =	 "IEEE Computer Society Press",
  address =	 "Warsaw, Poland"
}

@Unpublished{Simpson,
  author = 	 "Simpson, Alex K.",
  title = 	 "Lazy Functional Algorithms for Exact Real
		  Functionals (Extended Abstract)",
  note = 	 "Submitted",
  year =	 1998
}

		  
		  
		  
	
		  
@TechReport{Sunderhauf,
  author = 	 "S{\"u}nderhauf, Philipp", 
  title = 	 "Incremental Addition in Exact Real Arithmetic",
  institution =  "The Department of Computing, Imperial College, London",
  year = 	 1997,
  month =	 "December"
}

@article{Turing,
        author  = "Turing, Alan",
        title   = "On computable Numbers, with an Application to the
                        {E}ntscheindungproblem",
        journal = "The London Mathematical Society",
        year    = 1937,
        volume  = 42,
        pages   = "230--265"
}

		  
@article{Turing:correction,
        author  = "Turing, Alan",
        title   = "A Correction",
        journal = "The London Mathematical Society",
        year    = 1937,
        volume  = 43,
        pages   = "544--546"
}

		  
		  
@Book{Uspensky,
  author = 	 "J. V. Uspensky",
  title = 	 "Theory of Equations",
  publisher = 	 "McGraw-Hill",
  year = 	 1948,
  address =	 "New York"
}

@Article{Valerie,
  author = 	 "Val\'erie M\'enissier-Morain",
  title = 	 "Arbitrary Precision real arithmetic: design and algorithms",
  journal =	 "Journal of Symbolic Computation",
  year =	 1996
}


		  
		  
		  
@Article{Vuillemin,
  author = 	 "Jean E. Vuillemin",
  title = 	 "Exact Real Computer Arithmetic with Continued Fractions",
  journal =	 "IEEE Transactions on Computers",
  year =	 1990,
  volume =	 39,
  number =	 8,
  pages =	 "1087-1105",
  month =	 "August"
}

@Article{Wadler1,
  author = 	 "Wadler, Philip",
  title = 	 "The essence of functional program",
  journal =	 "19th Annual Symposium on Principles of Programming Languages",
  year =	 1992
}

@Article{Wadler2,
  author = 	 "Wadler, Philip",
  title = 	 "Comprehending Monads",
  journal =	 "Mathematical Structures in Computer Science",
  year =	 1992,
  volume =	 2,
  pages =	 "461-493"
}

@Article{Wiedmer,
  author = 	 "Wiedmer, E.",
  title = 	 "Computing with Infinite Objects",
  journal =	 "Theoretical Computer Science",
  year =	 1980,
  volume =	 10,
  pages =	 "133-155"
}

		  
		  
@book{devaney,
        author  = "Devaney, R. L.",
        title   = "An Introduction to Chaotic Dynamical Systems",
        edition = "2nd",
        publisher="Addison-Wesley",
        year    = 1989,
        address = "California"
}
@Misc{profiling_paper,
  author =	 "Sansom, Patrick M. and Peyton Jones,Simon L.",
  title =	 "Time and space profiling for non-strict higher-order functional languages",
  howpublished = "Research Report FP-1994-10",
  year =	 1994,
  note =	 "Dept. of Computing Science, University of Glasgow",
}





		  


