@inproceedings{Smyth,
        author       = "M.B. Smyth",
        title        = "Quasi uniformities: reconciling domains with
                        metric spaces",
        booktitle    = "Proceedings of the 3rd Workshop on Mathematical 
                        Foundations of Programming Language 
		  Semantics",
        year         = "1988",
        editor       = "M. Main and A. Melton and M. Mislove 
		  and D. Schmidt",
        volume       = "298",
        number       = "",
        series       = "Lecture Notes in Computer Science",
        pages        = "236--253",
        address      = "New  Orleans",
        organization = "",
        publisher    = "Springer-Verlag",
        note         = ""}

@book{ACG,
	editor = {Bakker, J.W. de and J.J.M.M. Rutten},
	title = {Ten Years of Concurrency Semantics},
	publisher = {World Scientific},
	note = {Selected papers of the Amsterdam Concurrency Group},
	year = 1992} 

@article{kock,
        author = {A. Kock},
        title = {Strong Functors and Monoidal Monads},
        journal = {Arch. Math. (Basel)},
        pages = {113--120},
        volume = {23},
        year = {1972}
}

@article{TR98,
        author = {D. Turi and J. Rutten},
        title = {On the foundations of final coalgebra semantics:
                  non-well-founded sets, partial orders, metric spaces},
        year = {1998},
        journal = "Mathematical Structures in Computer Science",
        volume = "8",
        number = "5",
        pages = "481-540",
        source = {http://www.dcs.ed.ac.uk/home/dt/}
                  }

@article{fpobject,
    author          = {Crole, R.L. and Pitts, A.M.},
    title           = {New Foundations for Fixpoint Computations:
        FIX-hyperdoctrines and the FIX-logic},
    journal         = {Information and Computation},
    volume          = 98,
    year            = 1992}

@inproceedings{Fre90,
	Author = "P. Freyd",
	Title = "Algebraically complete categories",
	Booktitle = "Category Theory - Proc.\ of the Int'l Conf.\ held in Como,
		 	Italy, July 1990",
	Series = "Lecture Notes in Mathematics",
	editor = {A. Carboni and M.C. Pedicchio and G. Rosolini},
	volume = 1488,
	publisher = springer,
	Year = 1991,
	pages = {95-104}}

@inproceedings{Fre90b,
	Author = "P. Freyd",
	Title = "Recursive types reduced to inductive types",
	Booktitle = lics90,
	publisher = {IEEE Computer Society Press},
	Year = 1990,
	pages = {498-507}}

@inproceedings{Fre91,
	Author = "P. Freyd",
	Title = "Remarks on algebraically compact categories",
	Booktitle = "Applications of Category Theory in computer science",
	Series = "London Mathematical Society Lecture Notes Series",
	editor = {H.P. Fourman and P.T. Johnstone and A.M. Pitts},
	volume = 177,
	publisher = cup,
	Year = 1992,
	pages = {95-106}}

@Unpublished{escardo:metric,
  author =       {M.H. Escard\'o},
  title =        {A metric model of {PCF}},
  note =         {Laboratory for Foundations of Computer Science,
                  University of Edinburgh, \newline
              {\footnotesize\verb!http://www.dcs.ed.ac.uk/home/mhe/papers/metricpcf.ps.gz!}},
  month =        {April},
  year =         1999,
  filename =     {pcf+t}
}

@Unpublished{alex,
  author =       {A.K. Simpson},
  title =        {Recursive types in {K}leisli categories},
  note =         {Laboratory for Foundations of Computer Science,
                  University of Edinburgh, \newline
              {\footnotesize\verb!http://www.dcs.ed.ac.uk/home/als/Research/kleisli.ps.gz!}},
  month =        {August},
  year =         1992
}

@Unpublished{domains,
  author =       "G.D. Plotkin",
  title =        "Post-graduate Lecture Notes in Advanced Domain Theory
                 (incorporating the ``{Pisa Notes}'')",
  year =         "1981",
  note =         "Dept. of Computer Science, Univ. of Edinburgh"
}



@Article{Scott,
  title =        "A type-theoretical alternative to {ISWIM}, {CUCH},
                 {OWHY}",
  author =       "D.S. Scott",
  pages =        "411--440",
  journal =      "Theoretical Computer Science",
  year =         "1993",
  month =        "6~" # dec,
  volume =       "121",
  number =       "1--2",
  note =         "Reprint of a manuscript produced in 1969",
  references =   "\cite{TCS::Pitts1994} \cite{LICS::Pitts1993}
                 \cite{TCS::Plotkin1977} \cite{LICS::Taylor1991}",
}

@book{Dugu,
	author = {J. Dugundji}, 
	title = {Topology},
	publisher = {Allyn and Bacon},
	year = 1966}}

@InProceedings{Mulry,
  author =       "P.S. Mulry",
  title =        "Strong Monads, Algebras and Fixed Points",
  booktitle =    "Applications of Categories in Computer Science:
                 Proceedings of the LMS Symposium, Durham, 1991",
  editor =       "M.P. Fourman and P.T. Johnstone and A.M. Pitts",
  year =         "1992",
  publisher =    "Cambridge University Press",
  note =         "LMS Lecture Notes Series, 177",
}

@inproceedings{Wagner,
        author       = "K.R. Wagner",
        title        = "{A}bstract {P}re-{O}rders",
        booktitle    = "Proceedings of the International Symposium on 
                        Theoretical Aspects of Computer Software",
        year         = "1994",
        editor       = "M. Hagiya and J.C. Mitchell",
        volume       = "789",
        number       = "",
        series       = lncs,
        pages        = "598--617",
        address      = "Sendai",
        month        = apr,
        organization = "",
        publisher    = sv,
        note         = ""}
